@article{pigozzi2017multiagent,
  title={Multiagent deontic logic and its challenges from a normative systems perspective},
  author={Pigozzi, Gabriella and van der Torre, Leon},
  journal={IfCoLog Journal of Logics and Their Applications},
  pages={2929--2993},
  year={2017}
}
