@article{mdl,
  author    = {Gabriella Pigozzi and
               Leon van der Torre},
  title     = {Multiagent Deontic Logic and its Challenges from a Normative Systems Perspective},
  url       = {http://hdl.handle.net/10993/34023},
  journal   = {IfCoLog Journal of Logics and Their Applications},
  pages     = {2929-2993},
  year      = {2017}
}