@article{pigozzi:hal-01679130,
  TITLE = {{Multiagent deontic logic and its challenges from a normative systems perspective}},
  AUTHOR = {Pigozzi, Gabriella and van der Torre, Leender},
  URL = {https://hal.archives-ouvertes.fr/hal-01679130},
  JOURNAL = {{The IfCoLog Journal of Logics and their Applications}},
  VOLUME = {4},
  NUMBER = {9},
  YEAR = {2017},
  KEYWORDS = {multiagent logic ; game theory},
  HAL_ID = {hal-01679130},
  HAL_VERSION = {v1},
}